<?xml version = "1.0" encoding = "UTF-8"?><OAI-PMH xmlns="http://www.openarchives.org/OAI/2.0/" xmlns:xsi="http://www.w3.org/2001/XMLSchema-instance" xsi:schemaLocation="http://www.openarchives.org/OAI/2.0/ http://www.openarchives.org/OAI/2.0/OAI-PMH.xsd"><ListRecords><record><header><identifier>aleph-publish:022775969</identifier></header><metadata><record xmlns="http://www.ddb.de/professionell/mabxml/mabxml-1.xsd"><leader>00899nM2.01200024------h</leader><controlfield tag="LDR">00899nM2.01200024------h</controlfield><controlfield tag="FMT">MH</controlfield><datafield tag="001" ind1="-" ind2="1"><subfield code="a">HT019967788</subfield></datafield><datafield tag="002" ind1="a" ind2="1"><subfield code="a">20190212</subfield></datafield><datafield tag="003" ind1="-" ind2="1"><subfield code="a">20190905</subfield></datafield><datafield tag="020" ind1="b" ind2="1"><subfield code="a">BV044984115</subfield></datafield><datafield tag="025" ind1="o" ind2="1"><subfield code="a">1042880267</subfield></datafield><datafield tag="026" ind1="-" ind2="1"><subfield code="a">BVBBV044984115</subfield></datafield><controlfield tag="030">||||r||||||17</controlfield><datafield tag="036" ind1="a" ind2="1"><subfield code="a">GB</subfield></datafield><datafield tag="037" ind1="b" ind2="1"><subfield code="a">eng</subfield></datafield><controlfield tag="050">a|||||||||||||</controlfield><controlfield tag="051">mb||||||</controlfield><datafield tag="060" ind1="-" ind2="1"><subfield code="b">txt</subfield><subfield code="a">Text</subfield></datafield><datafield tag="061" ind1="-" ind2="1"><subfield code="b">n</subfield><subfield code="a">ohne Hilfsmittel zu benutzen</subfield></datafield><datafield tag="062" ind1="-" ind2="1"><subfield code="b">nc</subfield><subfield code="a">Band</subfield></datafield><datafield tag="070" ind1="-" ind2="1"><subfield code="a">6/336</subfield></datafield><datafield tag="070" ind1="b" ind2="1"><subfield code="a">6/336</subfield></datafield><datafield tag="080" ind1="-" ind2="1"><subfield code="a">60</subfield></datafield><datafield tag="100" ind1="-" ind2="1"><subfield code="p">Segré, Ivan</subfield><subfield code="d">1973-</subfield><subfield code="9">(DE-588)13890121X</subfield></datafield><datafield tag="101" ind1="-" ind2="1"><subfield code="p">Segré, Yvan</subfield><subfield code="d">1973-</subfield></datafield><datafield tag="104" ind1="b" ind2="1"><subfield code="p">Broder, David</subfield><subfield code="d">1991-</subfield><subfield code="9">(DE-588)1135307660</subfield></datafield><datafield tag="331" ind1="-" ind2="1"><subfield code="a">Spinoza</subfield></datafield><datafield tag="335" ind1="-" ind2="1"><subfield code="a">the ethics of an outlaw</subfield></datafield><datafield tag="359" ind1="-" ind2="1"><subfield code="a">Ivan Segré ; translated by David Broder</subfield></datafield><datafield tag="419" ind1="-" ind2="1"><subfield code="a">London</subfield><subfield code="b">Bloomsbury Academic, an imprint of Bloomsbury Publishing Plc</subfield><subfield code="c">[2017]</subfield></datafield><datafield tag="425" ind1="a" ind2="1"><subfield code="a">2017</subfield></datafield><datafield tag="433" ind1="-" ind2="1"><subfield code="a">xi, 186 pages</subfield></datafield><datafield tag="435" ind1="-" ind2="1"><subfield code="a">20 cm</subfield></datafield><datafield tag="516" ind1="a" ind2="1"><subfield code="a">English translated from French</subfield></datafield><datafield tag="540" ind1="a" ind2="1"><subfield code="a">978-1-4725-9643-7</subfield><subfield code="b">hpk.</subfield></datafield><datafield tag="540" ind1="a" ind2="1"><subfield code="a">1-4725-9643-9</subfield></datafield><datafield tag="540" ind1="a" ind2="1"><subfield code="a">978-1-350-01661-3</subfield><subfield code="b">pbk.</subfield></datafield><datafield tag="540" ind1="a" ind2="1"><subfield code="a">1-350-01661-6</subfield></datafield><datafield tag="700" ind1="g" ind2="1"><subfield code="a">CF 8317</subfield></datafield><datafield tag="776" ind1="-" ind2="1"><subfield code="i">Erscheint auch als</subfield><subfield code="n">Online-Ausgabe, ePDF</subfield><subfield code="z">978-1-4725-9654-1</subfield></datafield><datafield tag="776" ind1="-" ind2="1"><subfield code="i">Erscheint auch als</subfield><subfield code="n">Online-Ausgabe, ePub</subfield><subfield code="z">978-1-4725-9644-4</subfield></datafield><controlfield tag="SYS">022775969</controlfield><datafield tag="088" ind1=" " ind2=" "><subfield code="a">6/336</subfield><subfield code="c">KW/CF 8317 S455 S758</subfield><subfield code="e">keine Angabe</subfield></datafield></record></metadata></record></ListRecords></OAI-PMH>